@InProceedings{milajevs-EtAl:2014:EMNLP2014,
  author    = {Milajevs, Dmitrijs  and  Kartsaklis, Dimitri  and  Sadrzadeh, Mehrnoosh  and  Purver, Matthew},
  title     = {Evaluating Neural Word Representations in Tensor-Based Compositional Settings},
  booktitle = {Proceedings of the 2014 Conference on Empirical Methods in Natural Language Processing (EMNLP)},
  month     = {October},
  year      = {2014},
  address   = {Doha, Qatar},
  publisher = {Association for Computational Linguistics},
  pages     = {708--719},
  url       = {http://www.aclweb.org/anthology/D14-1079}
}

@InProceedings{milajevs-purver:2014:CVSC,
  author    = {Milajevs, Dmitrijs  and  Purver, Matthew},
  title     = {Investigating the Contribution of Distributional Semantic Information for Dialogue Act Classification},
  booktitle = {Proceedings of the 2nd Workshop on Continuous Vector Space Models and their Compositionality (CVSC)},
  month     = {April},
  year      = {2014},
  address   = {Gothenburg, Sweden},
  publisher = {Association for Computational Linguistics},
  pages     = {40--47},
  url       = {http://www.aclweb.org/anthology/W14-1505}
}

@inproceedings{Milajevs:2013:RTD:2487788.2488050,
 author = {Milajevs, Dmitrijs and Bouma, Gosse},
 title = {Real Time Discussion Retrieval from Twitter},
 booktitle = {Proceedings of the 22nd International Conference on World Wide Web Companion},
 series = {WWW '13 Companion},
 year = {2013},
 isbn = {978-1-4503-2038-2},
 location = {Rio de Janeiro, Brazil},
 pages = {795--800},
 numpages = {6},
 url = {http://dl.acm.org/citation.cfm?id=2487788.2488050},
 acmid = {2488050},
 publisher = {International World Wide Web Conferences Steering Committee},
 address = {Republic and Canton of Geneva, Switzerland},
 keywords = {discussion retrieval, event data, social media},
}

@inproceedings{Milajevs:2015:IMN:2808194.2809448,
 author = {Milajevs, Dmitrijs and Sadrzadeh, Mehrnoosh and Roelleke, Thomas},
 title = {IR Meets NLP: On the Semantic Similarity Between Subject-Verb-Object Phrases},
 booktitle = {Proceedings of the 2015 International Conference on Theory of Information Retrieval},
 series = {ICTIR '15},
 year = {2015},
 isbn = {978-1-4503-3833-2},
 location = {Northampton, Massachusetts, USA},
 pages = {231--240},
 numpages = {10},
 acmurl = {http://doi.acm.org/10.1145/2808194.2809448},
 url = {http://www.eecs.qmul.ac.uk/~dm303/static/ictir006-milajevs.pdf},
 doi = {10.1145/2808194.2809448},
 acmid = {2809448},
 publisher = {ACM},
 address = {New York, NY, USA},
 keywords = {distributional semantics, nlp, semantic ir, subject-verb-object (svo) phrases},
}

@InProceedings{milajevs:2016:SRW1,
  author    = {Milajevs, Dmitrijs  and  Sadrzadeh, Mehrnoosh  and  Purver, Matthew},
  title     = {Robust Co-occurrence Quantification for Lexical Distributional Semantics},
  booktitle = {Proceedings of the ACL 2016 Student Research Workshop},
  month     = {August},
  year      = {2016},
  address   = {Berlin, Germany},
  url       = {http://www.eecs.qmul.ac.uk/~mpurver/papers/milajevs-et-al16acl.pdf},
}

@InProceedings{milajevs-griffiths:2016:repeval,
  title={ A Proposal for Linguistic Similarity Datasets Based on Commonality Lists},
  author={Milajevs, Dmitrijs and Griffiths, Sascha},
  booktitle = {Proceedings of the 1st Workshop on on Evaluating Vector Space Representations for NLP (RepEval)},
  month     = {August},
  year      = {2016},
  address   = {Berlin, Germany},
  url       = {http://arxiv.org/abs/1605.04553},
}
